@article{1975:Wyner,
    author = {Wyner, A. D.},
    journal = {Bell Systems Technical Journal},
    keywords = {secrecy, security, wiretap, wyner},
    number = {8},
    pages = {1355--1387},
    posted-at = {2009-12-07 11:54:05},
    priority = {2},
    title = {{The Wire-tap Channel}},
    volume = {54},
    year = {1975},
    optnote = {4. The wire-tap channel
Introduction of an information theoretical channel with a passive adversary
also talks about secrecy rate},
}

@article{McCulloch,
author =  "Warren McCulloch and William Pitts ",
title = {A logical calculus of the ideas immanent in nervous activity},
journal =  "Bulletin of Mathematical Biophysics ",
year =  "1943 ",
pages =  "115-133 "
}

@book{russel,
 author = {Russell, Stuart J. and Norvig, Peter},
 title = {Artificial Intelligence: A Modern Approach},
 year = {2003},
 isbn = {0137903952},
 edition = {2},
 publisher = {Pearson Education},
} 

@article{wcp,
author =  "Sumit Rangwala and Apoorva Jindal and Ki-Young Jang and Konstantinos Psounis and Ramesh Govindan ",
title = {Understanding congestion control in multi-hop wireless mesh networks},
journal =  "MobiCom 08, Proceedings of the 14th ACM international conference on Mobile computing and networking ",
year =  "2008 ",
pages =  "291-302 "
}
@Article{iTCP,
author="Alim Al Islam, A. B. M.
and Raghunathan, Vijay",
title="iTCP: an intelligent TCP with neural network based end-to-end congestion control for ad-hoc multi-hop wireless mesh networks",
journal="Wireless Networks",
year="2015",
month="Feb",
day="01",
volume="21",
number="2",
pages="581--610",
issn="1572-8196",
doi="10.1007/s11276-014-0799-6",
url="https://doi.org/10.1007/s11276-014-0799-6"
}
@article{remy,
 author = {Winstein, Keith and Balakrishnan, Hari},
 title = {TCP Ex Machina: Computer-generated Congestion Control},
 journal = {SIGCOMM Comput. Commun. Rev.},
 issue_date = {October 2013},
 volume = {43},
 number = {4},
 month = aug,
 year = {2013},
 issn = {0146-4833},
 pages = {123--134},
 numpages = {12},
 url = {http://doi.acm.org/10.1145/2534169.2486020},
 doi = {10.1145/2534169.2486020},
 acmid = {2486020},
 publisher = {ACM},
 address = {New York, NY, USA},
 keywords = {computer-designed algorithms, congestion control},
} 
@article{learnCC,
 author = {Sivaraman, Anirudh and Winstein, Keith and Thaker, Pratiksha and Balakrishnan, Hari},
 title = {An Experimental Study of the Learnability of Congestion Control},
 journal = {SIGCOMM Comput. Commun. Rev.},
 issue_date = {October 2014},
 volume = {44},
 number = {4},
 month = aug,
 year = {2014},
 issn = {0146-4833},
 pages = {479--490},
 numpages = {12},
 url = {http://doi.acm.org/10.1145/2740070.2626324},
 doi = {10.1145/2740070.2626324},
 acmid = {2626324},
 publisher = {ACM},
 address = {New York, NY, USA},
} 
@article{remySlides,
author = "Keith Winstein and Hari Balakrishnan",
title = "{TCP ex Machina: Computer-Generated Congestion Contro : Slides from SIGCOMM 2013}",
journal = "web.mit.edu/remy",
month = Aug,
year = "2013"
}
@article{gamac,
author = "Nithin Sharma and A. S. Madhukumar",
title = {"Genetic Algorithm Aided Proportional Fair Resource Allocation in Multicast OFDM Systems"},
journal = "IEEE Transactions on Broadcasting",
month = Mar,
year = "2015"
}
@article{neadhoc,
author = "David B. Knoester and Heather J. Goldsby and Philip K. McKinley",
title = {"Neuroevolution of mobile ad hoc networks"},
journal = "GECCO 10, Proceedings of the 12th annual conference on Genetic and evolutionary computation",
month = Jul,
year = "2010"
}
@article{nnwmn,
author = "Nenad Kojic and Irini Reljin and Branimir Reljin",
title = {A Neural Networks-Based Hybrid Routing Protocol for Wireless Mesh Networks},
journal = "sensors: www.mdpi.com/journal/sensors",
month = Jun,
year = "2012"
}
@article{nnhandoff,
author = "Tsungnan Lin and Chiapin Wang and Po-Chiang Lin",
title = {A Neural-Network-Based Context-Aware Handoff Algorithm for Multimedia Computing},
journal = "TOMM, ACM Transactions on Multimedia Computing, Communications and Applications",
month = Aug,
year = "2008"
}
@article{nnmac,
author = "P. Nicopolitidis and G.I. Papadimitriou and A.S. Pomportis",
title = {" A Neural-Based MAC Protocol for Distributed Wireless LANs"},
journal = "IEEE International Conference on Systems, Man and Cybernetics",
month = Oct,
year = "2003"
}
@inproceedings{marioneat,
  title={Evolving Mario to Maximize Coin Score Using Neat and Novelty},
  author={Amy Kyungwon Han and Jeremy Z. R. Han},
  year={2016}
}
@online{mario,
  author = {SethBling},
  title = {MarI/O},
  url = {https://www.youtube.com/watch?v=qv6UVOQ0F44},
  urldate = {2018-03-13}
}


@article{rtneat,
title={Real-time Neuroevolution in the NERO Video Game},
author={Kenneth O. Stanley and Bobby D. Bryant and Risto Miikkulainen},
journal={IEEE Transactions on Evolutionary Computation},
publisher={IEEE},
pages={653-668},
url="http://nn.cs.utexas.edu/?stanley:ieeetec05",
year={2005}
}=??
}
@ARTICLE{hneat, 
author={M. Hausknecht and J. Lehman and R. Miikkulainen and P. Stone}, 
journal={IEEE Transactions on Computational Intelligence and AI in Games}, 
title={A Neuroevolution Approach to General Atari Game Playing}, 
year={2014}, 
volume={6}, 
number={4}, 
pages={355-366}, 
doi={10.1109/TCIAIG.2013.2294713}, 
ISSN={1943-068X}, 
month={Dec},}
@incollection{mahneat,
title={Multiagent Learning through Neuroevolution},
author={Risto Miikkulainen and Eliana Feasley and Leif Johnson and Igor Karpov and Padmini Rajagopalan and Aditya Rawal and Wesley Tansey},
booktitle={Advances in Computational Intelligence},
volume={LNCS 7311},
editor={J. Liu et al.},
address={Berlin, Heidelberg:},
publisher={Springer},
pages={24-46},
url="http://nn.cs.utexas.edu/?miikkulainen:wcci12",
year={2012}
}
@article{cgneat,
author = {Erin Jonathan Hastings and Ratan K. Guha and Kenneth O. Stanley},
title = {Automatic Content Generation in the Galactic Arms Race Video Game},
journal = {IEEE Transactions on Computational Intelligence and AI in Games},
year={2009}
}
@article{odneat,
 author = {Silva, Fernando and Urbano, Paulo and Correia, Lu\'{\i}s and Christensen, Anders Lyhne},
 title = {Odneat: An Algorithm for Decentralised Online Evolution of Robotic Controllers},
 journal = {Evol. Comput.},
 issue_date = {Fall 2015},
 volume = {23},
 number = {3},
 month = sep,
 year = {2015},
 issn = {1063-6560},
 pages = {421--449},
 numpages = {29},
 url = {https://doi.org/10.1162/EVCO_a_00141},
 doi = {10.1162/EVCO_a_00141},
 acmid = {2845892},
 publisher = {MIT Press},
 address = {Cambridge, MA, USA},
} 
@inproceedings{neatfields,
 author = {Inden, Benjamin and Jin, Yaochu and Haschke, Robert and Ritter, Helge},
 title = {NEATfields: Evolution of Neural Fields},
 booktitle = {Proceedings of the 12th Annual Conference on Genetic and Evolutionary Computation},
 series = {GECCO '10},
 year = {2010},
 isbn = {978-1-4503-0072-8},
 location = {Portland, Oregon, USA},
 pages = {645--646},
 numpages = {2},
 url = {http://doi.acm.org/10.1145/1830483.1830601},
 doi = {10.1145/1830483.1830601},
 acmid = {1830601},
 publisher = {ACM},
 address = {New York, NY, USA},
 keywords = {NEAT, neuroevolution},
} 
@article{deepneat,
author ={Aditya Rawal and Risto Miikkulainen} ,
title = {Evolving Deep LSTM-based Memory networks using an Information Maximization Objective},
journal = {Genetic and Evolutionary Computation Conference (GECCO 2016)},
year={2016}
}
@article{gar,
 author = {Hastings, Erin J. and Stanley, Kenneth O.},
 title = {Galactic Arms Race: An Experiment in Evolving Video Game Content},
 journal = {SIGEVOlution},
 issue_date = {March 2010},
 volume = {4},
 number = {4},
 month = mar,
 year = {2010},
 issn = {1931-8499},
 pages = {2--10},
 numpages = {9},
 url = {http://doi.acm.org/10.1145/1810136.1810137},
 doi = {10.1145/1810136.1810137},
 acmid = {1810137},
 publisher = {ACM},
 address = {New York, NY, USA},
}
@inproceedings{nero,
 author = {Karpov, Igor V. and Sheblak, John and Miikkulainen, Risto},
 title = {OpenNERO: A Game Platform for AI Research and Education},
 booktitle = {Proceedings of the Fourth AAAI Conference on Artificial Intelligence and Interactive Digital Entertainment},
 series = {AIIDE'08},
 year = {2008},
 location = {Stanford, California},
 pages = {220--221},
 numpages = {2},
 url = {http://dl.acm.org/citation.cfm?id=3022539.3022581},
 acmid = {3022581},
 publisher = {AAAI Press},
} 
@article{neat,
title={Evolving Neural Networks Through Augmenting Topologies},
author={Kenneth O. Stanley and Risto Miikkulainen},
volume={10},
journal={Evolutionary Computation},
number={2},
pages={99-127},
url="http://nn.cs.utexas.edu/?stanley:ec02",
year={2002}
}
@online{neatimpl,
  author = {FernandoTorres},
  title = {NEAT implementation on GitHub},
  url = {https://github.com/FernandoTorres/NEAT},
  urldate = {2018-03-13}
}
@article{distributedns3,
title={Performance of distributed ns-3 network simulator},
author={Sergej Nikolaev and Peter D. Barnes, Jr. and James M. Brase and Thomas W. Canales and David R. Jefferson and Steve Smith and Ron A. Soltz and Peter J. Scheibel},
journal={SimuTools 13},
month = Mar, 
year={2013}
}
@online{openmp,
  author = {Joel Yliluoma},
  title = {Guide to OpenMP},
  url = {https://bisqwit.iki.fi/story/howto/openmp/},
  urldate = {2018-03-13}
}




